<?xml version="1.0" encoding="UTF-8"?><record xmlns="http://www.loc.gov/MARC21/slim" xmlns:cinclude="http://apache.org/cocoon/include/1.0" xmlns:zs="http://www.loc.gov/zing/srw/">
  <leader>00510cz  a2200133n  4500</leader>
  <controlfield tag="001">n 2001108434</controlfield>
  <controlfield tag="003">DLC</controlfield>
  <controlfield tag="005">20011129094328.0</controlfield>
  <controlfield tag="008">011129n| acannaabn          |a aaa      </controlfield>
  <datafield tag="010" ind1=" " ind2=" ">
    <subfield code="a">n 2001108434</subfield>
  </datafield>
  <datafield tag="040" ind1=" " ind2=" ">
    <subfield code="a">DLC</subfield>
    <subfield code="b">eng</subfield>
    <subfield code="c">DLC</subfield>
  </datafield>
  <datafield tag="100" ind1="1" ind2=" ">
    <subfield code="a">Agustín Torres, Carmelo</subfield>
  </datafield>
  <datafield tag="400" ind1="1" ind2=" ">
    <subfield code="a">Torres, Carmelo Agustín</subfield>
  </datafield>
  <datafield tag="670" ind1=" " ind2=" ">
    <subfield code="a">Agustín Torres, Carmelo. Beneficios fiscales en la tenencia y transmisión de las empresas, 1999:</subfield>
    <subfield code="b">t.p. (Carmelo Agustín Torres) back flap (licenciado en derecho por la Univ. Central de Barcelona)</subfield>
  </datafield>
</record>